% Encoding: UTF-8

﻿

@Article{Dirac1953888,
  author  = {P.A.M. Dirac},
  journal = {Physica},
  title   = {The lorentz transformation and absolute time},
  year    = {1953},
  number  = {1-–12},
  pages   = {888--896},
  volume  = {19},
  doi     = {10.1016/S0031-8914(53)80099-6},
}

@Article{Feynman1963118,
  author  = {R.P Feynman and F.L {Vernon Jr.}},
  journal = {Annals of Physics},
  title   = {The theory of a general quantum system interacting with a linear dissipative system},
  year    = {1963},
  pages   = {118--173},
  volume  = {24},
  doi     = {10.1016/0003-4916(63)90068-X},
}

@Article{Reverchon1996,
  author    = {E. Reverchon},
  journal   = {{AIChE} Journal},
  title     = {Mathematical modeling of supercritical extraction of sage oil},
  year      = {1996},
  month     = {jun},
  number    = {6},
  pages     = {1765--1771},
  volume    = {42},
  doi       = {10.1002/aic.690420627},
  publisher = {Wiley},
}

@Article{Srinivasan2012,
  author    = {A. Srinivasan and C. Depcik},
  journal   = {Chemical Engineering {\&} Technology},
  title     = {One-Dimensional Pseudo-Homogeneous Packed-Bed Reactor Modeling: I. Chemical Species Equation and Effective Diffusivity},
  year      = {2012},
  month     = {dec},
  number    = {1},
  pages     = {22--32},
  volume    = {36},
  doi       = {10.1002/ceat.201200458},
  publisher = {Wiley},
}

@Book{Gmehling2019,
  author    = {Jürgen Gmehling and Michael Kleiber and Bärbel Kolbe and Jürgen Rarey},
  publisher = {Wiley},
  title     = {Chemical Thermodynamics for Process Simulation},
  year      = {2019},
  month     = {mar},
  doi       = {10.1002/9783527809479},
}

@Article{Maly1996,
  author    = {Timothy Maly and Linda R. Petzold},
  journal   = {Applied Numerical Mathematics},
  title     = {Numerical methods and software for sensitivity analysis of differential-algebraic systems},
  year      = {1996},
  month     = {feb},
  number    = {1-2},
  pages     = {57--79},
  volume    = {20},
  doi       = {10.1016/0168-9274(95)00117-4},
  publisher = {Elsevier {BV}},
}

@Article{Heidaryan2011,
  author    = {Ehsan Heidaryan and Tahmas Hatami and Masoud Rahimi and Jamshid Moghadasi},
  journal   = {The Journal of Supercritical Fluids},
  title     = {Viscosity of pure carbon dioxide at supercritical region: Measurement and correlation approach},
  year      = {2011},
  month     = {mar},
  number    = {2},
  pages     = {144--151},
  volume    = {56},
  doi       = {10.1016/j.supflu.2010.12.006},
  publisher = {Elsevier {BV}},
}

@Article{Amooey2014,
  author    = {Ali Akbar Amooey},
  journal   = {The Journal of Supercritical Fluids},
  title     = {A simple correlation to predict thermal conductivity of supercritical carbon dioxide},
  year      = {2014},
  month     = {feb},
  pages     = {1--3},
  volume    = {86},
  doi       = {10.1016/j.supflu.2013.11.016},
  publisher = {Elsevier {BV}},
}

@Book{Bird1960,
  author    = {Bird, R},
  publisher = {Wiley},
  title     = {Transport phenomena},
  year      = {1960},
  address   = {New York},
  isbn      = {9780471073925},
}

@Article{Vargas2006,
  author    = {R. M. F. Vargas and E. Cassel and G. M. F. Gomes and L. G. S. Longhi and L. Atti-Serafini and A. C. Atti-Santos},
  journal   = {Brazilian Journal of Chemical Engineering},
  title     = {Supercritical extraction of carqueja essential oil: experiments and modeling},
  year      = {2006},
  month     = {sep},
  number    = {3},
  pages     = {375--382},
  volume    = {23},
  doi       = {10.1590/s0104-66322006000300011},
  publisher = {{FapUNIFESP} ({SciELO})},
}

@Article{Lin2013,
  author    = {Ting May Lin and Then Siew Ping and Agus Saptoro and Panau Freddie},
  journal   = {International Journal of Food Engineering},
  title     = {Mass Transfer Coefficients and Correlation of Supercritical Carbon Dioxide Extraction of Sarawak Black Pepper},
  year      = {2013},
  month     = {dec},
  number    = {1},
  pages     = {1--15},
  volume    = {10},
  doi       = {10.1515/ijfe-2012-0219},
  publisher = {Walter de Gruyter {GmbH}},
}

@Book{Elliott2011,
  author    = {Elliott, J},
  publisher = {Prentice Hall},
  title     = {Introductory chemical engineering thermodynamics},
  year      = {2011},
  address   = {Upper Saddle River, NJ},
  isbn      = {9780136068549},
}

@Article{Radmanovic2014,
  author    = {Kristijan Radmanovc and Igor Dukic and Stjepan Pervan},
  journal   = {Drvna industrija},
  title     = {Specific Heat Capacity of Wood},
  year      = {2014},
  number    = {2},
  pages     = {151--157},
  volume    = {65},
  doi       = {10.5552/drind.2014.1333},
  publisher = {Faculty of Forestry, University of Zagreb},
}

@Article{Dickinson1976,
  author    = {Robert P. Dickinson and Robert J. Gelinas},
  journal   = {Journal of Computational Physics},
  title     = {Sensitivity analysis of ordinary differential equation systems{\textemdash}A direct method},
  year      = {1976},
  month     = {jun},
  number    = {2},
  pages     = {123--143},
  volume    = {21},
  doi       = {10.1016/0021-9991(76)90007-3},
  publisher = {Elsevier {BV}},
}

@Article{Reverchon1993,
  author    = {Ernesto Reverchon and Giorgio Donsi and Libero Sesti Osseo},
  journal   = {Industrial {\&} Engineering Chemistry Research},
  title     = {Modeling of supercritical fluid extraction from herbaceous matrices},
  year      = {1993},
  month     = {nov},
  number    = {11},
  pages     = {2721--2726},
  volume    = {32},
  doi       = {10.1021/ie00023a039},
  publisher = {American Chemical Society ({ACS})},
}

@Article{Sovova1994,
  author    = {H. Sovova},
  journal   = {Chemical Engineering Science},
  title     = {Rate of the vegetable oil extraction with supercritical CO2. Modelling of extraction curves},
  year      = {1994},
  number    = {3},
  pages     = {409--414},
  volume    = {49},
  doi       = {10.1016/0009-2509(94)87012-8},
  publisher = {Elsevier {BV}},
}

@Article{Ivanovic2014,
  author    = {Jasna Ivanovic and Florian Meyer and Marko Stamenic and Philip Jaeger and Irena Zizovic and Rudolf Eggers},
  journal   = {Chemical Engineering {\&} Technology},
  title     = {Pretreatment of Natural Materials Used for Supercritical Fluid Extraction of Commercial Phytopharmaceuticals},
  year      = {2014},
  month     = {aug},
  number    = {9},
  pages     = {1606--1611},
  volume    = {37},
  doi       = {10.1002/ceat.201300715},
  publisher = {Wiley},
}

@Article{Goto1996,
  author    = {Motonobu Goto and Bhupesh C. Roy and Tsutomu Hirose},
  journal   = {The Journal of Supercritical Fluids},
  title     = {Shrinking-core leaching model for supercritical-fluid extraction},
  year      = {1996},
  month     = {jun},
  number    = {2},
  pages     = {128--133},
  volume    = {9},
  doi       = {10.1016/s0896-8446(96)90009-1},
  publisher = {Elsevier {BV}},
}

@Article{Reverchon2001,
  author    = {E Reverchon and C Marrone},
  journal   = {The Journal of Supercritical Fluids},
  title     = {Modeling and simulation of the supercritical {CO}2 extraction of vegetable oils},
  year      = {2001},
  month     = {feb},
  number    = {2},
  pages     = {161--175},
  volume    = {19},
  doi       = {10.1016/s0896-8446(00)00093-0},
  publisher = {Elsevier {BV}},
}

@Article{Fiori_2007,
  author    = {L. Fiori and D. Calcagno and P. Costa},
  journal   = {The Journal of Supercritical Fluids},
  title     = {Sensitivity analysis and operative conditions of a supercritical fluid extractor},
  year      = {2007},
  month     = {may},
  number    = {1},
  pages     = {31--42},
  volume    = {41},
  doi       = {10.1016/j.supflu.2006.09.005},
  publisher = {Elsevier {BV}},
}

@Article{Rabi_2019,
  author    = {Jos{\'{e}} A. Rabi and Fernando Lima Caneppele and Rogers Ribeiro and Gustavo C. Dacanal},
  journal   = {Journal of Food Process Engineering},
  title     = {Scale-up of extraction processes: Dimensionless modeling and virtualization via lattice Boltzmann method},
  year      = {2019},
  month     = {sep},
  number    = {1},
  volume    = {43},
  doi       = {10.1111/jfpe.13244},
  publisher = {Wiley},
}

@Article{Glover2008,
  author    = {T. Grant Glover and M. Douglas LeVan},
  journal   = {Chemical Engineering Science},
  title     = {Sensitivity analysis of adsorption bed behavior: Examination of pulse inputs and layered-bed optimization},
  year      = {2008},
  month     = {apr},
  number    = {8},
  pages     = {2086--2098},
  volume    = {63},
  doi       = {10.1016/j.ces.2008.01.001},
  publisher = {Elsevier {BV}},
}

@Article{Bulley1984,
  author    = {N. R. Bulley and M. Fattori and A. Meisen and L. Moyls},
  journal   = {Journal of the American Oil Chemists{\textquotesingle} Society},
  title     = {Supercritical fluid extraction of vegetable oil seeds},
  year      = {1984},
  month     = {aug},
  number    = {8},
  pages     = {1362--1365},
  volume    = {61},
  doi       = {10.1007/bf02542243},
  publisher = {Wiley},
}

@Article{Spiro2007,
  author    = {M. Spiro and M. Kandiah},
  journal   = {International Journal of Food Science {\&} Technology},
  title     = {Extraction of ginger rhizome: partition constants and other equilibrium properties in organic solvents and in supercritical carbon dioxide},
  year      = {2007},
  month     = {jun},
  number    = {5},
  pages     = {566--575},
  volume    = {25},
  doi       = {10.1111/j.1365-2621.1990.tb01116.x},
  publisher = {Wiley},
}

@Article{Huang2012,
  author    = {Zhen Huang and Xiao-han Shi and Wei-juan Jiang},
  journal   = {Journal of Chromatography A},
  title     = {Theoretical models for supercritical fluid extraction},
  year      = {2012},
  month     = {aug},
  pages     = {2--26},
  volume    = {1250},
  doi       = {10.1016/j.chroma.2012.04.032},
  publisher = {Elsevier {BV}},
}

@Article{Peng1976,
  author    = {Ding-Yu Peng and Donald B. Robinson},
  journal   = {Industrial {\&} Engineering Chemistry Fundamentals},
  title     = {A New Two-Constant Equation of State},
  year      = {1976},
  month     = {feb},
  number    = {1},
  pages     = {59--64},
  volume    = {15},
  doi       = {10.1021/i160057a011},
  publisher = {American Chemical Society ({ACS})},
}

@Book{Pippard2004,
  author    = {Pippard, A. B.},
  publisher = {Cambridge University Press},
  title     = {Elements of Classical Thermodynamics},
  year      = {2004},
  isbn      = {0521091012},
  date      = {2004-01-28},
  ean       = {9780521091015},
  pagetotal = {176},
  url       = {https://www.ebook.de/de/product/4289534/a_b_pippard_elements_of_classical_thermodynamics.html},
}

@Article{Pratt2001,
  author    = {Pratt, R. M.},
  journal   = {CHEMICAL ENGINEERING EDUCATION},
  title     = {Thermodynamic Properties Involving Derivatives: Using the Peng-Robinson Equation of State, CHEMICAL ENGINEERING EDUCATION},
  year      = {2001},
  issn      = {0009-2479},
  pages     = {112-139},
  volume    = {35},
  publisher = {CHEMICAL ENGINEERING EDUCATION;},
  series    = {CHEMICAL ENGINEERING EDUCATION},
  url       = {https://www.tib.eu/de/suchen/id/BLSE%3ARN095457101},
}

@Article{Razavi2015,
  author    = {Saman Razavi and Hoshin V. Gupta},
  journal   = {Water Resources Research},
  title     = {What do we mean by sensitivity analysis? The need for comprehensive characterization of {\textquotedblleft}global{\textquotedblright} sensitivity in Earth and Environmental systems models},
  year      = {2015},
  month     = {may},
  number    = {5},
  pages     = {3070--3092},
  volume    = {51},
  doi       = {10.1002/2014wr016527},
  publisher = {American Geophysical Union ({AGU})},
}

@Article{Andersson2018,
  author    = {Joel A. E. Andersson and Joris Gillis and Greg Horn and James B. Rawlings and Moritz Diehl},
  journal   = {Mathematical Programming Computation},
  title     = {{CasADi}: a software framework for nonlinear optimization and optimal control},
  year      = {2018},
  month     = {jul},
  number    = {1},
  pages     = {1--36},
  volume    = {11},
  doi       = {10.1007/s12532-018-0139-4},
  publisher = {Springer Science and Business Media {LLC}},
}

@Article{Errico1997,
  author    = {Ronald M. Errico},
  journal   = {Bulletin of the American Meteorological Society},
  title     = {What Is an Adjoint Model?},
  year      = {1997},
  month     = {nov},
  number    = {11},
  pages     = {2577--2591},
  volume    = {78},
  doi       = {10.1175/1520-0477(1997)078<2577:wiaam>2.0.co;2},
  publisher = {American Meteorological Society},
}

@Bibliography{Himmelblau1970,
  address   = {New York},
  author    = {Himmelblau, David Mautner},
  isbn      = {047139985X},
  issuance  = {monographic},
  keywords  = {Chemical engineering, Statistical methods, Chemical processes, Mathematical models},
  language  = {eng},
  lccn      = {73089684},
  note      = {[by] David M. Himmelblau., Includes bibliographical references.},
  publisher = {Wiley},
  source    = {DLC},
  title     = {Process analysis by statistical methods},
  year      = {1970},
}

@Article{Mandel1957,
  author    = {John Mandel},
  journal   = {Journal of the American Statistical Association},
  title     = {Fitting a Straight Line to Certain Types of Cumulative Data},
  year      = {1957},
  month     = {dec},
  number    = {280},
  pages     = {552--566},
  volume    = {52},
  doi       = {10.1080/01621459.1957.10501413},
  publisher = {Informa {UK} Limited},
}

@Article{Vesovic1990,
  author    = {V. Vesovic and W. A. Wakeham and G. A. Olchowy and J. V. Sengers and J. T. R. Watson and J. Millat},
  journal   = {Journal of Physical and Chemical Reference Data},
  title     = {The Transport Properties of Carbon Dioxide},
  year      = {1990},
  month     = {may},
  number    = {3},
  pages     = {763--808},
  volume    = {19},
  doi       = {10.1063/1.555875},
  publisher = {{AIP} Publishing},
}

@Book{Lions2013,
  author    = {Lions, Pierre-Louis},
  publisher = {Oxford University Press},
  title     = {Mathematical Topics in Fluid Mechanics : Volume 1 Incompressible Models},
  year      = {2013},
  isbn      = {9780199679218},
  pages     = {252},
  subtitle  = {Incompressible Models},
}

@Article{Simeoni2010,
  author    = {G. G. Simeoni and T. Bryk and F. A. Gorelli and M. Krisch and G. Ruocco and M. Santoro and T. Scopigno},
  journal   = {Nature Physics},
  title     = {The Widom line as the crossover between liquid-like and gas-like behaviour in supercritical~fluids},
  year      = {2010},
  month     = {jun},
  number    = {7},
  pages     = {503--507},
  volume    = {6},
  doi       = {10.1038/nphys1683},
  publisher = {Springer Science and Business Media {LLC}},
}

@Article{Banuti2019,
  author    = {Daniel Banuti},
  journal   = {Periodica Polytechnica Chemical Engineering},
  title     = {The Latent Heat of Supercritical Fluids},
  year      = {2019},
  month     = {jan},
  number    = {2},
  pages     = {270--275},
  volume    = {63},
  doi       = {10.3311/ppch.12871},
  publisher = {Periodica Polytechnica Budapest University of Technology and Economics},
}

@Article{Sheng1989,
  author    = {W. Sheng and G. -J. Chen and H. -C. Lu},
  journal   = {International Journal of Thermophysics},
  title     = {Prediction of transport properties of dense gases and liquids by the Peng-Robinson ({PR}) equation of state},
  year      = {1989},
  month     = {jan},
  number    = {1},
  pages     = {133--144},
  volume    = {10},
  doi       = {10.1007/bf00500714},
  publisher = {Springer Science and Business Media {LLC}},
}

@Article{Fenghour1998,
  author    = {A. Fenghour and William A. Wakeham and V. Vesovic},
  journal   = {Journal of Physical and Chemical Reference Data},
  title     = {The Viscosity of Carbon Dioxide},
  year      = {1998},
  month     = {jan},
  number    = {1},
  pages     = {31--44},
  volume    = {27},
  doi       = {10.1063/1.556013},
  publisher = {{AIP} Publishing},
}

@Article{Laesecke2017,
  author    = {Arno Laesecke and Chris D. Muzny},
  journal   = {Journal of Physical and Chemical Reference Data},
  title     = {Reference Correlation for the Viscosity of Carbon Dioxide},
  year      = {2017},
  month     = {mar},
  number    = {1},
  pages     = {013107},
  volume    = {46},
  doi       = {10.1063/1.4977429},
  publisher = {{AIP} Publishing},
}

@Article{Huber2016,
  author    = {M. L. Huber and E. A. Sykioti and M. J. Assael and R. A. Perkins},
  journal   = {Journal of Physical and Chemical Reference Data},
  title     = {Reference Correlation of the Thermal Conductivity of Carbon Dioxide from the Triple Point to 1100 K and up to 200 {MPa}},
  year      = {2016},
  month     = {mar},
  number    = {1},
  pages     = {013102},
  volume    = {45},
  doi       = {10.1063/1.4940892},
  publisher = {{AIP} Publishing},
}

@Book{Anderson1995,
  author    = {Anderson, John D.},
  publisher = {McGraw-Hill},
  title     = {Computational fluid dynamics the basic with applications},
  year      = {1995},
  isbn      = {9780071132107},
  pages     = {547},
  subtitle  = {the basic with applications},
}

@Book{Schreier1982,
  author    = {Schreier, Stefan},
  publisher = {Wiley},
  title     = {Compressible flow},
  year      = {1982},
  isbn      = {047105691X},
  pages     = {577},
}

@Book{Chapman1991,
  author    = {Chapman, Sydney and Cowling, T. G.},
  publisher = {Cambridge University Press},
  title     = {The Mathematical Theory of Non-uniform Gases},
  year      = {1991},
  isbn      = {9780521408448},
  pages     = {447},
  subtitle  = {An Account of the Kinetic Theory of Viscosity, Thermal Conduction and Diffusion in Gases (Cambridge Mathematical Library)},
}

@Article{Sovova1994a,
  author    = {H. Sovova and R. Komers and J. Kucuera and J. Jezu},
  journal   = {Chemical Engineering Science},
  title     = {Supercritical carbon dioxide extraction of caraway essential oil},
  year      = {1994},
  month     = {aug},
  number    = {15},
  pages     = {2499--2505},
  volume    = {49},
  doi       = {10.1016/0009-2509(94)e0058-x},
  publisher = {Elsevier {BV}},
}

@Article{ReisVasco2000,
  author    = {E.M.C Reis-Vasco and J.A.P Coelho and A.M.F Palavra and C Marrone and E Reverchon},
  journal   = {Chemical Engineering Science},
  title     = {Mathematical modelling and simulation of pennyroyal essential oil supercritical extraction},
  year      = {2000},
  month     = {aug},
  number    = {15},
  pages     = {2917--2922},
  volume    = {55},
  doi       = {10.1016/s0009-2509(99)00561-8},
  publisher = {Elsevier {BV}},
}

@Comment{jabref-meta: databaseType:bibtex;}
